@article{mexperts,
    author = {Albert Jiang and others},
    journal={Preprint},
    title = {Mixtral of Experts},
    year = {2024},
    pages={1--13},
    note={arXiv:2401.04088 [\href{https://arxiv.org/abs/2401.04088}{Link}]},
}

@article{mtokens,
    author = {Fabian Gloeckle and others},
    journal={Preprint},
    title = {Better $\&$ Faster Large Language Models via Multi-token Prediction},
    year = {2024},
    pages={1--29},
    note={arXiv:2404.19737 [\href{https://arxiv.org/abs/2404.19737}{Link}]},
}

@article{eval34edr,
    author = {Hussein Mozannar and others},
    journal={Preprint},
    title = {The {RealHumanEval}: Evaluating {Large Language Models}’ Abilities to Support Programmers},
    year = {2024},
    pages={1--34},
    note={arXiv:2404.02806 [\href{https://arxiv.org/pdf/2404.02806.pdf}{Link}]},
}

----

@article{24erw2,
    author = {Andrei Lopatenko},
    journal={Blog post},
    title = {Evaluating {LLM}s and {LLM} Systems: Pragmatic approach},
    year = {2024},
    pages={},
    volume = {},
    note={[\href{https://github.com/VincentGranville/Large-Language-Models/blob/main/xllm5/LLM-evaluation.pdf}{Link}]},
}


@article{serg24,
    author = {Sergey Shchegrikovich},
    journal={Blog post},
    title = {How do you create your own {LLM} and win {The Open LLM Leaderboard} with one {Yaml} file?},
    year = {2024},
    pages={},
    volume = {},
    note={[\href{https://shchegrikovich.substack.com/p/how-do-you-create-your-own-llm-and}{Link}]},
}


@article{eyal20,
    author = {Eyal Trabelsi},
    journal={Blog post},
    title = {Comprehensive Guide To Approximate Nearest Neighbors Algorithms},
    year = {2020},
    pages={},
    volume = {},
    note={TowardsDataScience [\href{https://towardsdatascience.com/comprehensive-guide-to-approximate-nearest-neighbors-algorithms-8b94f057d6b6}{Link}]},
}

@article{breze24,
    author = {Iulia Brezeanu},
    journal={Blog post},
    title = {How to Cut {RAG} Costs by $80\%$ Using Prompt Compression},
    year = {2024},
    pages={},
    volume = {},
    note={TowardsDataScience [\href{https://towardsdatascience.com/how-to-cut-rag-costs-by-80-using-prompt-compression-877a07c6bedb}{Link}]},
}


@book{vgmloptim,
  author = {Vincent Granville},
  year = {2024},
  title = {Statistical Optimization for AI and Machine Learning},
  publisher = {MLTechniques.com},
  note={[\href{https://mltechniques.com/shop/}{Link}]},
  address = {},
}

@article{vle23,
    author = {Johnathan Chiu and Andi Gu and Matt Zhou},
    journal={Preprint},
    title = {Variable Length Embeddings},
    year = {2023},
    pages={1--12},
    volume = {},
    note={arXiv:2305.09967 [\href{https://arxiv.org/abs/2305.09967}{Link}]},
}

@article{charleroi,
    author = {Adnan Saher Mohammed and Şahin Emrah Amrahov and Fatih V. Çelebi},
    journal={Engineering Science and Technology},
    title = {Interpolated binary search: An efficient hybrid search algorithm on ordered datasets},
    year = {2021},
    pages={1072--1079},
    volume = {24},
    note={[\href{https://www.sciencedirect.com/science/article/pii/S221509862100046X}{Link}]},
}

@article{primerace4,
    author = {Terence Tao},
    journal={Tao's blog},
    title = {Biases between consecutive primes},
    year = {2016},
    pages={},
    note={[\href{https://terrytao.wordpress.com/2016/03/14/biases-between-consecutive-primes/}{Link}]},
}

@article{primerace3,
    author = {Michel Planat and Patrick Solé},
    journal={Preprint},
    title = {Efficient prime counting and the {Chebyshev} primes},
    year = {2011},
    pages={1--15},
    note={arXiv:1109.6489 [\href{https://arxiv.org/abs/1109.6489}{Link}]},
}

@article{primerace2,
    author = {Emil Grosswald},
    journal={Transactions of the American Mathematical Society},
    title = {Oscillation theorems of arithmetical functions},
    year = {1967},
    volume = {126},
    pages={1--28},
    note={[\href{https://www.ams.org/journals/tran/1967-126-01/S0002-9947-1967-0202685-7/}{Link}]},
}

@article{primerace,
    author = {Adel Alamadhi and Michel Planat and Patrick Solé},
    journal={Preprint},
    title = {{Chebyshev}'s bias and generalized {Riemann} hypothesis},
    year = {2011},
    pages={1--9},
    note={arXiv:1112.2398 [\href{https://arxiv.org/abs/1112.2398}{Link}]},
}
------------------

@article{boundrun7,
    author = {M.S. Schmookler and K.J. Nowka},
    journal={Proceedings 15th IEEE Symposium on Computer Arithmetic},
    title = {Bounds on runs of zeros and ones for algebraic functions},
    year = {2001},
    pages={7--12},
    note={ARITH-15 [\href{https://www.researchgate.net/publication/3900729_Bounds_on_runs_of_zeros_and_ones_for_algebraic_functions}{Link}]},
}

@article{rizlr4e,
    author = {Zsolt Karacsony and Jozsefne Libor},
    journal={Teaching Mathematics and Computer Science},
    title = {Longest runs in coin tossing. Teaching recursive formulae, asymptotic theorems and computer simulations},
    year = {2011},
    volume = {9},
    pages={261--274},
    note={[\href{https://tmcs.math.unideb.hu/load_doc.php?p=218&t=doc}{Link}]},
}



@article{aslr4e,
    author = {Antónia Földes},
    journal={Periodica Mathematica Hungarica},
    title = {The limit distribution of the length of the longest head-run},
    year = {1979},
    volume = {10},
    pages={301--310},
    note={[\href{https://link.springer.com/article/10.1007/BF02020027}{Link}]},
}

@article{aslimoi,
    author = {Tamas Mori},
    journal={Canadian Journal of Mathematics},
    title = {The a.s. limit distribution of the longest head run},
    year = {1993},
    volume = {45},
    pages={1245--1262},
    note={[\href{https://www.cambridge.org/core/services/aop-cambridge-core/content/view/ACAA6340438BA33FE1C864691C731747/S0008414X00017338a.pdf/as_limit_distribution_of_the_longest_head_run.pdf}{Link}]},
}

@article{k1594djj,
    author = {Louis Gordon and Mark F. Schilling and Michael S. Waterman},
    journal={Probability Theory and Related Fields},
    title = {An extreme value theory for long head runs},
    year = {1986},
    volume = {72},
    pages={279--287},
    note={[\href{https://link.springer.com/article/10.1007/BF00699107}{Link}]},
}

@article{g1594d3wes,
    author = {K. Binswanger and P. Embrechts},
    journal={Insurance: Mathematics and Economics},
    title = {Longest runs in coin tossing},
    year = {1994},
    volume = {15},
    pages={139--149},
    note={[\href{https://www.sciencedirect.com/science/article/abs/pii/0167668794907900}{Link}]},
}

---

@article{runs45,
    author = {Mark Shilling},
    journal={The College Mathematics Journal},
    title = {The Longest Run of Heads},
    year = {2018},
    volume = {21},
    pages={196--207},
    note={[\href{https://maa.org/sites/default/files/pdf/upload_library/22/Polya/07468342.di020742.02p0021g.pdf}{Link}]},
}


@article{renini53,
    author = {A Rény},
    journal={Acta Mathematica Academiae Scientiarum Hungaricae},
    title = {On the theory of order statistics},
    year = {1953},
    volume = {4},
    pages={191--231},
}


@article{b18psy,
    author = {Anthony J Bishara and Jiexiang Li and Thomas Nash},
    journal={British Journal of Mathematical and Statistical Psychology},
    title = {Asymptotic confidence intervals for the {Pearson} correlation via skewness and kurtosis},
    year = {2018},
    pages={165--185},
    note={[\href{https://cpb-us-w2.wpmucdn.com/blogs.cofc.edu/dist/7/881/files/2021/06/Bishara-Li-Nash-2018.pdf}{Link}]},
}

@article{vcxoi54,
    author = {Tengyuan Liang},
    journal={Preprint},
    title = {Estimating Certain Integral Probability Metric ({IPM}) is as Hard as Estimating under the {IPM}},
    year = {2019},
    pages={1--15},
    note={arXiv:1911.00730 [\href{https://arxiv.org/abs/1911.00730}{Link}]},
}


@article{euclidf12,
    author = {Bharath Sriperumbudur and others},
    journal={Electronic Journal of Statistics},
    title = {On the empirical estimation of integral probability metrics},
    year = {2012},
    pages={1550--1599},
    note={[\href{https://projecteuclid.org/journals/electronic-journal-of-statistics/volume-6/issue-none/On-the-empirical-estimation-of-integral-probability-metrics/10.1214/12-EJS722.full}{Link}]},
}


@article{crame17,
    author = {Marc G. Bellemare and others},
    journal={Preprint},
    title = {The {Cramer} Distance as a Solution to Biased {Wasserstein} Gradients},
    year = {2017},
    pages={1--20},
    note={arXiv:1705.10743 [\href{https://arxiv.org/abs/1705.10743}{Link}]},
}

---


@article{pcper43w,
    author = {Fabiola Banfi and Greta Cazzaniga and Carlo De Michele},
    journal={Stochastic Environmental Research and Risk Assessment},
    title = {Nonparametric extrapolation of extreme quantiles: a comparison study},
    year = {2022},
    volume = {36},
    pages={1579--1596},
    note={[\href{https://link.springer.com/article/10.1007/s00477-021-02102-0}{Link}]},
}


@article{impugain,
    author = {Jinsung Yoon and others},
    journal={Preprint},
    title = {{GAIN}: Missing Data Imputation using Generative Adversarial Nets},
    year = {2018},
    pages={1--10},
    note={arXiv:1806.02920 [\href{https://arxiv.org/abs/1806.02920}{Link}]},
}

@article{nathieeewgan,
    author = {Jogendra Nath Kundu and others},
    journal={IEEE/CVF International Conference on Computer Vision},
    title = {{GAN-Tree}: An Incrementally Learned Hierarchical Generative Framework for Multi-Modal Data Distributions},
    year = {2019},
    pages={8190--8199},
    note={arXiv:1908.03919 [\href{https://arxiv.org/abs/1908.03919}{Link}]},
}

@article{Weifuge,
    author = {Wei Chen and Mark Fuge},
    journal={Journal of Mechanical Design},
    title = {Synthesizing Designs With Interpart Dependencies Using Hierarchical Generative Adversarial Networks},
    year = {2019},
    volume = {141},
    pages={1--11},
    note={[\href{https://www.researchgate.net/publication/328704146_Synthesizing_Designs_With_Inter-Part_Dependencies_Using_Hierarchical_Generative_Adversarial_Networks}{Link}]},
}

@article{failedgan,
  author = {Vincent Granville},
  journal={Preprint},
  year = {2023},
  title = {How to Fix a Failing Generative Adversarial Network},
  pages={1--10},
  note={MLTechniques.com [\href{https://mltechniques.com/2023/08/12/generative-ai-how-to-fix-a-failing-gan-synthesizer/}{Link}]},
  publisher={}
}

@article{vgnogan,
  author = {Vincent Granville},
  journal={Preprint},
  year = {2023},
  title = {Generative {AI} Technology Break-through: Spectacular Performance of New Synthesizer},
  pages={1--16},
  note={MLTechniques.com [\href{https://mltechniques.com/2023/08/02/generative-ai-technology-break-through-spectacular-performance-of-new-synthesizer/}{Link}]},
  publisher={}
}

@article{putrider22,
    author = {Nicolas Langrené and Xavier Warin},
    journal={Computational Statistics \& Data Analysis},
    title = {Fast multivariate empirical cumulative distribution function with connection to kernel density estimation},
    year = {2021},
    volume = {162},
    pages={1--16},
    note={[\href{https://doi.org/10.1016/j.csda.2021.107267}{Link}]},
}

@article{gtepouc21,
    author = {Michael Naaman},
    journal={Statistics \& Probability Letters},
    title = {On the tight constant in the multivariate {Dvoretzky–Kiefer–Wolfowitz} inequality},
    year = {2021},
    volume = {173},
    pages={1--8},
    note={[\href{https://doi.org/10.1016/j.spl.2021.109088}{Link}]},
}
------------------------------------

@article{caglar22,
    author = {Caglar Aytekin},
    journal={Preprint},
    title = {Neural Networks are Decision Trees},
    year = {2022},
    volume = {},
    pages={1--8},
    note={arXiv:2210.05189 [\href{https://arxiv.org/pdf/2210.05189.pdf}{Link}]},
}


@article{gancat18,
    author = {Ramiro Camino and Christian Hammerschmidt and Radu State},
    journal={Preprint},
    title = {Generating Multi-Categorical Samples with Generative Adversarial Networks},
    year = {2018},
    volume = {},
    pages={1--7},
    note={arXiv:1807.01202 [\href{https://arxiv.org/abs/1807.01202}{Link}]},
}


@article{ieeeaccess22,
    author = {Fida Dankar and others},
    journal={IEEE Access},
    title = {A Multi-Dimensional Evaluation of Synthetic Data Generators},
    year = {2022},
    pages={11147--11158},
    note={[\href{https://ieeexplore.ieee.org/document/9686689}{Link}]},
}

@article{ieeewgan,
    author = {Chang Su and Linglin Wei and Xianzhong Xie},
    journal={IEEE International Conference on High Performance Computing, Data, and Analytics},
    title = {Churn Prediction in Telecommunications Industry Based on Conditional {Wasserstein} {GAN}},
    year = {2022},
    pages={186--191},
    note={ IEEE HiPC 2022 [\href{https://www.computer.org/csdl/proceedings-article/hipc/2022/942300a186/1MEXgsyxJC0}{Link}]},
}

---
@book{copul22eg,
    title={Vine Copula Based Synthetic Data Generation for Classification},
    author={Elisabeth Griesbauer},
    year={2022},
    edition = {},
    publisher={},
    note={Master Thesis, Technical University of Munich [\href{https://mediatum.ub.tum.de/doc/1687062/document.pdf}{Link}]}
}
---------------------------
@article{vgvendors,
  author = {Vincent Granville},
  journal={Preprint},
  year = {2023},
  title = {Generative {AI}: Synthetic Data Vendor Comparison and Benchmarking Best Practices},
  pages={1--13},
  note={MLTechniques.com [\href{https://mltechniques.com/2023/06/16/generative-ai-synthetic-data-vendor-comparison-and-benchmarking-best-practices/}{Link}]},
  publisher={}
}

@article{vgthin,
  author = {Vincent Granville},
  journal={Preprint},
  year = {2023},
  title = {Massively Speed-Up your Learning Algorithm, with Stochastic Thinning},
  pages={1--13},
  note={MLTechniques.com [\href{https://mltechniques.com/2023/04/07/massively-speed-up-your-learning-algorithm-with-stochastic-thinning/}{Link}]},
  publisher={}
}

@article{vgfclust,
  author = {Vincent Granville},
  journal={Preprint},
  year = {2023},
  title = {Feature Clustering: A Simple Solution to Many Machine Learning Problems},
  pages={1--6},
  note={MLTechniques.com [\href{https://mltechniques.com/2023/03/12/feature-clustering-a-simple-solution-to-many-machine-learning-problems/}{Link}]},
  publisher={}
}

@article{vgsmart,
  author = {Vincent Granville},
  journal={Preprint},
  year = {2023},
  title = {Smart Grid Search for Faster Hyperparameter Tuning},
  pages={1--8},
  note={MLTechniques.com [\href{https://mltechniques.com/2023/03/30/smart-grid-search-case-study-with-hybrid-zeta-geometric-distributions-and-synthetic-data/}{Link}]},
  publisher={}
}

@article{ieeedistil,
    author = {Ruonan Yu and Songhua Liu and Xinchao Wang},
    journal={Preprint},
    title = {Dataset Distillation: A Comprehensive Review},
    year = {2022},
    pages={1--23},
    note={Submitted to IEEE PAMI [\href{https://arxiv.org/pdf/2301.07014.pdf}{Link}]},
}

@article{faithful23,
    author = {Ahmed Alaa and others},
    journal={Proceedings of the 39 th International Conference on Machine Learning},
    title = {How Faithful is your Synthetic Data? Sample-level Metrics for Evaluating and Auditing Generative Models},
    year = {2023},
    pages={1--17},
    note={[\href{https://proceedings.mlr.press/v162/alaa22a/alaa22a.pdf}{Link}]},
}

------------


@book{vgelsevier,
    title={Synthetic Data and Generative AI},
    author={Vincent Granville},
    year={2024},
    edition = {},
    publisher={Elsevier},
    note={[\href{https://mltechniques.com/product/ebook-synthetic-data/}{Link}]}
}

@book{tex19ram,
    title={Introduction to Stochastic Processes},
    author={Gordan Žitkovic},
    year={2019},
    edition = {},
    publisher={University of Texas},
    note={Lecture notes [\href{https://web.ma.utexas.edu/users/gordanz/notes/advanced_random_walks_color.pdf}{Link}]}
}


@book{baslmou,
    title={Introduction to Probability},
    author={Charles M. Grinstead and Laurie Snell},
    year={1997},
    edition = {Second},
    publisher={American Mathematical Society},
    note={[\href{https://chance.dartmouth.edu/teaching_aids/books_articles/probability_book/amsbook.mac.pdf}{Link}]}
}

@book{martin91,
    title={Probability with Martingales},
    author={David Williams},
    year={1991},
    edition = {},
    publisher={Cambridge University Press},
}

@article{noonan99,
    author = {John Noonan and Doron Zeilberger},
    journal={Journal of Difference Equations and Applications },
    title = {The {Goulden-Jackson} cluster method: extensions, applications and implementations},
    year = {1999},
    volume = {5},
    pages={355--377},
    note={[\href{https://arxiv.org/abs/math/9806036}{Link}]},
}

@article{rkan92,
    author = {R. Kannan and A. K. Lenstra and L. Lovász},
    journal={Mathematics of Computation},
    title = {Polynomial factorization and nonrandomness of bits of algebraic and some transcendental numbers},
    year = {1988},
    volume = {50},
    pages={335--250},
    note={[\href{https://www.ams.org/journals/mcom/1988-50-181/S0025-5718-1988-0917831-4/}{Link}]},
}

@book{vgchaos,
  author = {Vincent Granville},
  year = {2023},
  title = {Gentle Introduction To Chaotic Dynamical Systems},
  publisher = {MLTechniques.com},
  note={[\href{https://mltechniques.com/product/ebook-gentle-introduction-to-chaotic-dynamical-systems/}{Link}]},
  address = {},
}

@book{sp496,
    title={Statistical Mechanics},
    author={Paul Beale},
    year={2011},
    edition = {Third},
    publisher={Academic Press},
}

@book{knie,
    title={A Kinetic View of Statistical Physics},
    author={Pavel Krapivsky and Sidney Redner and Eli Ben-Naim},
    year={2010},
    edition = {},
    publisher={Cambridge University Press},
    note={[\href{https://physics.bu.edu/~redner/542/book/}{Link}]},
}

@article{mellin48,
    author = {Benjamin Epstein},
    journal={Annals of Mathematical Statistics},
    title = {Some Applications of the {Mellin} Transform in Statistics},
    year = {1948},
    volume = {19},
    pages={370--370},
    note={[\href{https://projecteuclid.org/journals/annals-of-mathematical-statistics/volume-19/issue-3/Some-Applications-of-the-Mellin-Transform-in-Statistics/10.1214/aoms/1177730201.full}{Link}]},
}

@article{autocorr2005,
    author = {Luis Báez-Duarte and others},
    journal={The Ramanujan Journal},
    title = {Étude de l’autocorrélation multiplicative de la fonction ‘partie fractionnaire’},
    year = {2005},
    volume = {78},
    pages={215--240},
    note={[\href{https://arxiv.org/abs/math/0306251}{Link}]},
}

@article{sccf17,
    author = {Dixon J. Jones},
    journal={Preprint},
    title = {A chronology of continued square roots and other continued compositions, through the year 2016},
    year = {2017},
    volume = {},
    pages={1--98},
    note={arXiv:1707.06139 [\href{https://arxiv.org/abs/1707.06139}{Link}]},
}
----------

@article{reinflr21,
    author = {Changgang Zheng and others},
    journal={IEEE Transactions on Emerging Topics in Computational Intelligence },
    title = {Reward-Reinforced Generative Adversarial Networks for Multi-agent Systems},
    year = {2021},
    volume = {6},
    pages={479-488},
    note={arXiv:2103.12192 [\href{https://arxiv.org/abs/2103.12192}{Link}]},
}

@article{fcnice,
    author = {Hui Liu and others},
    journal={Engineering},
    title = {A New Model Using Multiple Feature Clustering and Neural Networks for Forecasting Hourly {PM}$_{2.5}$ Concentrations},
    year = {2020},
    volume = {6},
    pages={944--956},
    note={[\href{https://www.sciencedirect.com/science/article/pii/S2095809919307271}{Link}]},
}

@article{gan18pobt,
    author = {Alvaro Figueira and Bruno Vaz},
    journal={New Insights in Machine Learning and Deep Neural Networks},
    title = {Survey on Synthetic Data Generation, Evaluation Methods and {GANs}},
    year = {2022},
    volume = {},
    pages={},
    note={MDPI [\href{https://www.mdpi.com/2227-7390/10/15/2733}{Link}]},
}

@article{lw18,
    author = {Lei Xu and Kalyan Veeramachaneni},
    journal={Preprint},
    title = {Synthesizing Tabular Data using Generative Adversarial Networks},
    year = {2018},
    volume = {},
    pages={1--12},
    note={arXiv:1811.11264 [\href{https://arxiv.org/abs/1811.11264}{Link}]},
}

@article{gbrain18,
  author = {Mario Lucic and others},
  journal={Proc. NeurIPS Conference},
  year = {2018},
  volume={},
  number={},
  title = {Are {GANs} Created Equal? A Large-Scale Study},
  pages={1--10},
  note={[\href{https://proceedings.neurips.cc/paper/2018/file/e46de7e1bcaaced9a54f1e9d0d2f800d-Paper.pdf}{Link}]},
  publisher={}
}


@article{procons21,
    author = {Ali Borji},
    journal={Preprint},
    title = {Pros and Cons of {GAN} Evaluation Measures: New Developments},
    year = {2021},
    volume = {},
    pages={1--35},
    note={arXiv:2103.09396 [\href{https://arxiv.org/pdf/2103.09396.pdf}{Link}]},
}

@article{pcdxzaw,
  author = {Markus Herdin},
  journal={Proc. IEEE 61st Vehicular Technology Conference},
  year = {2005},
  volume={},
  number={},
  title = {Correlation Matrix Distance, a Meaningful Measure for Evaluation of Non-Stationary {MIMO} Channels},
  pages={1--5},
  note={[\href{https://publik.tuwien.ac.at/files/pub-et_10119.pdf}{Link}]},
  publisher={}
}

@book{sddl21,
    title={Synthetic Data for Deep Learning},
    author={Sergey I. Nikolenko},
    year={2021},
    edition = {},
    publisher={Springer},
}

@article{insaf2020,
    author = {Insaf Ashrapov},
    journal={Preprint},
    title = {Tabular GANs for uneven distribution},
    year = {2020},
    volume = {},
    pages={1--11},
    note={arXiv:2010.00638 [\href{https://arxiv.org/abs/2010.00638}{Link}]},
}

@article{cryptods2020,
  author = {Corina Macovei and others},
  journal={IEEE 13th International Conference on Communications},
  year = {2020},
  title = {The autocorrelation function of the logistic map chaotic signal in relation with the statistical independence issue},
  pages={25--30},
  note={[\href{https://ieeexplore.ieee.org/document/9142000}{Link}]},
  publisher={}
}

@article{mama221,
    author = {Maistrenko V and others},
    journal= {International Journal of Bifurcation and Chaos},
    title = {Chaotic Synchronization and Antisynchronization in Coupled Sine Maps},
    year = {2005},
    volume = {15},
    pages={2161--2177},
    note={[\href{https://www.worldscientific.com/doi/abs/10.1142/S0218127405013320}{Link}]},
}

@article{mavcx2,
    author = {Nasr-Eddine Hamri and Yamina Soula},
    journal={Electronic J. of Theoretical Physics},
    title = {Basins and Critical Curves Generated by A Family of Two-Dimensional Sine Maps},
    year = {2010},
    volume = {24},
    pages={139--150},
    note={[\href{http://www.ejtp.com/articles/ejtpv7i24p139.pdf}{Link}]},
}

@article{spectral2020,
    author = {D. Lenz},
    journal={Monatshefte für Mathematik},
    title = {Spectral theory of dynamical systems as diffraction theory of sampling functions},
    year = {2020},
    volume = {192},
    pages={625--649},
    note={[\href{https://arxiv.org/abs/1809.07639}{Link}]},
}

@article{ying2018,
    author = {Ying-Hui Shao and others},
    journal={Preprint},
    title = {Comparing the performance of {FA}, {DFA} and {DMA} using different synthetic long-range correlated time series},
    year = {2018},
    volume = {},
    pages={1--9},
    note={arXiv:1208.4158 [\href{https://arxiv.org/pdf/1208.4158.pdf}{Link}]},
}

@article{grz2018,
    author = {Grzegorz Sikora},
    journal={Chaos, Solitons \& Fractals},
    title = {Statistical test for fractional {Brownian} motion based on detrending moving average algorithm},
    year = {2018},
    volume = {116},
    pages={54--62},
    note={[\href{https://arxiv.org/abs/1803.08553}{Link}]},
}

@article{mfour10,
    author = {Alfred R.Osborne},
    journal={International Geophysics},
    title = {Multidimensional {Fourier} Series},
    year = {2010},
    volume = {97},
    pages={115--145},
    note={[\href{https://www.sciencedirect.com/science/article/abs/pii/S0074614210970071}{Link}]},
}

@article{four2,
    author = {Fengyun Wang and all},
    journal={Mathematics and Mechanics of Solids},
    title = {Bivariate {Fourier}-series-based prediction of surface residual stress fields using stresses of partial points},
    year = {2018},
    pages={},
    note={[\href{https://journals.sagepub.com/doi/10.1177/1081286518763976}{Link}]},
}

@article{54re2022w,
    author = {Mahesh Shivanand and all},
    journal={Journal of Animal Breeding and Genetics},
    title = {Fitting random regression models with {Legendre} polynomial and {B-spline} to model the lactation curve for {Indian} dairy goat of semi-arid tropic},
    year = {2022},
    pages={414--422},
    note={[\href{https://www.ncbi.nlm.nih.gov/pmc/articles/PMC5088414/}{Link}]},
}

@article{13rob,
    author = {Gary R. Lawlor},
    journal={Preprint},
    title = {A L'{Hospital}'s rule for multivariable functions},
    year = {2013},
    pages={1--13},
    note={arXiv:1209.0363 [\href{https://arxiv.org/abs/1209.0363}{Link}]},
}

@book{conformalmap,
  author = {Peter Olver},
  year = {2022},
  title = {Complex Analysis and Conformal Mapping},
  publisher = {Preprint},
  pages={1--87},
  note={University of Minnesota [\href{https://www-users.cse.umn.edu/~olver/ln_/cml.pdf}{Link}][\href{https://drive.google.com/file/d/1PyVmXLaj9It4ZEJvXEfBtu9391dMO_wK/view?usp=sharing}{Mirror}]},
  address = {},
}

@book{vgsynthetic,
  author = {Vincent Granville},
  year = {2022},
  title = {Synthetic Data and Generative AI},
  publisher = {MLTechniques.com},
  note={[\href{https://mltechniques.com/shop/}{Link}]},
  address = {},
}

@article{expmdb2002,
    author = {David Bailey and Richard Crandall},
    journal={Experimental Mathematics},
    title = {Random Generators and Normal Numbers},
    year = {2002},
    volume={11},
    pages={},
    note={Project Euclid [\href{https://projecteuclid.org/journals/experimental-mathematics/volume-11/issue-4/Random-Generators-and-Normal-Numbers/em/1057864662.full}{Link}]},
}

@article{loginew,
    author = {Luyao Wang and Hai Cheng},
    journal={Entropy},
    title = {Pseudo-Random Number Generator Based on Logistic Chaotic System},
    year = {2019},
    volume={21},
    pages={},
    note={[\href{https://www.mdpi.com/1099-4300/21/10/960}{Link}]},
}

@article{utiljrss,
    author = {Joshua Snoke and others},
    journal={Journal of the Royal Statistical Society Series A},
    title = {General and specific utility measures for synthetic data},
    year = {2018},
    volume={181},
    pages={663--688},
    note={arXiv:1604.06651 [\href{https://arxiv.org/abs/1604.06651}{Link}]},
}

@book{prefdv,
    title={Practical Synthetic Data Generation},
    author={Khaled Emam and Lucy Mosquera and Richard Hoptroff},
    year={2020},
    edition = {},
    publisher={O'Reilly},
}

@book{ganclouc,
    title={Hands-On Machine Learning with Scikit-Learn, Keras \& TensorFlow},
    author={Aurélien Géron},
    year={2023},
    edition = {Third},
    publisher={O'Reilly},
}

@article{gan2021,
    author = {Hui Guo and others},
    journal={Preprint},
    title = {Eyes Tell All: Irregular Pupil Shapes Reveal GAN-generated Faces},
    year = {2021},
    pages={1--7},
    note={arXiv:2109.00162 [\href{https://arxiv.org/abs/2109.00162}{Link}]},
}

@article{euclidcover13,
  author = {Hasan Nasab and Mahdi Tavana and Mohsen Yousefu},
  journal={Production and Manufacturing Research},
  year = {2014},
  title = {A new heuristic algorithm for the planar minimum covering circle problem},
  pages={142--155},
  note={[\href{https://www.tandfonline.com/doi/full/10.1080/21693277.2014.895917}{Link}]},
  publisher={}
}

@article{vgterrain22,
  author = {Vincent Granville},
  journal={Preprint},
  year = {2022},
  title = {Dynamic Clouds and Landscape Generation: Morphing and Evolutionary Processes},
  pages={1--9},
  note={MLTechniques.com [\href{https://mltechniques.com/2022/11/05/dynamic-clouds-and-landscape-generation-morphing-and-evolutionary-processes/}{Link}]},
  publisher={}
}

@article{terrain003,
    author = {Mingguang Wu and Yanjie Sun and Yaqian Li},
    journal={Cartography and Geographic Information Science},
    title = {Adaptive transfer of color from images to maps and visualizations},
    year = {2021},
    pages={289--312},
    note={[\href{https://arxiv.org/ftp/arxiv/papers/2205/2205.14908.pdf}{Link}]},
}

@article{terrain002,
  author = {Achim Zeileis et al},
  journal={Preprint},
  year = {2019},
  title = {Colorspace: A Toolbox for Manipulating and Assessing Colors and Palettes},
  pages={1--45},
  note={arXiv:1903.06490 [\href{https://arxiv.org/pdf/1903.06490.pdf}{Link}] [\href{https://cran.r-project.org/web/packages/colorspace/vignettes/colorspace.html}{R Library}] },
  publisher={}
}

@article{terrain001,
  author = {Christopher Beckham and Christopher Pal},
  journal={Preprint},
  year = {2017},
  title = {A step towards procedural terrain generation with {GAN}s},
  pages={1--5},
  note={arXiv:1707.03383 [\href{https://arxiv.org/abs/1707.03383}{Link}]},
  publisher={}
}



@book{vgmlbook2022,
    title={Intuitive Machine Learning and Explaible AI},
    author={Vincent Granville},
    year={2022},
    edition = {},
    publisher={MLTechniques.com},
    note={To be published in October 2022 [\href{https://mltechniques.com/shop/}{Link}]},
}

@article{binh2020,
  author = {Guillermo Navas-Palencia},
  journal={Preprint},
  year = {2020},
  title = {Optimal binning: mathematical programming formulation},
  pages={1--21},
  note={arXiv:2001.08025 [\href{https://arxiv.org/abs/2001.08025}{Link}]},
  publisher={}
}

@article{ploshu2013,
  author = {Zhiqiu Hu and Rong-Cai Yang},
  journal={PLOS One},
  year = {2013},
  title = {A New Distribution-Free Approach to Constructing the Confidence Region for Multiple Parameters},
  pages={1--13},
  note={[\href{https://journals.plos.org/plosone/article?id=10.1371/journal.pone.0081179}{Link}]},
  publisher={}
}

@book{chsp2016,
    title={Learning Scientific Programming with Python},
    author={Christian Hill},
    year={2016},
    edition = {},
    publisher={Cambridge University Press},
    note={[\href{https://scipython.com/book2/}{Link}]},
}

@article{vggrh2022,
  author = {Vincent Granville},
  journal={Preprint},
  year = {2022},
  title = {New Perspective on the {Riemann} {Hypothesis}},
  pages={1--23},
  note={MLTechniques.com [\href{https://mltechniques.com/2022/07/29/new-perspective-on-the-riemann-hypothesis/}{Link}]},
  publisher={}
}


@article{vaccari2007,
    author = {D. A. Vaccari and H. K. Wang},
    journal={Mathematical and Computer Modelling of Dynamical Systems},
    title = {Multivariate polynomial regression for identification of chaotic time series},
    year = {2007},
    pages={1--19},
    volume={13},
    number={4},
    note={[\href{https://www.tandfonline.com/doi/pdf/10.1080/13873950600883691}{Link}]},
}

@article{Halir98numericallystable,
    author = {Radim Halir and Jan Flusser},
    journal={Preprint},
    title = {Numerically Stable Direct Least Squares Fitting Of Ellipses},
    year = {1998},
    pages={1--8},
    note={[\href{https://citeseerx.ist.psu.edu/viewdoc/summary?doi=10.1.1.1.7559}{Link}]},
}
--------------------------


@article{fit2015,
  author = {Chris Tofallis},
  journal={Preprint},
  year = {2015},
  volume={},
  number={},
  title = {Fitting Equations to Data with the Perfect Correlation Relationship},
  pages={1--11},
  note={Hertfordshire Business School Working Paper[\href{https://papers.ssrn.com/sol3/papers.cfm?abstract_id=2707593}{Link}]},
  publisher={}
}

@article{ieee200y,
  author = {D. Umbach and K.N. Jones},
  journal={IEEE Transactions on Instrumentation and Measurement},
  year = {2003},
  volume={52},
  number={6},
  title = {A few methods for fitting circles to data},
  pages={1881--1885},
  note={[\href{https://www.researchgate.net/publication/3090706_A_Few_Methods_for_Fitting_Circles_to_Data}{Link}]},
  publisher={}
}

@book{daleyA2002,
    title={An Introduction to the Theory of Point Processes},
    author={D.J. Daley and D. Vere-Jones},
    year={2002},
    edition = {Second},
    publisher={Springer},
    note={Volume 1 -- Elementary Theory and Methods},
}

@book{daleyB2008,
    title={An Introduction to the Theory of Point Processes},
    author={D.J. Daley and D. Vere-Jones},
    year={2014},
    edition = {Second},
    publisher={Springer},
    note={Volume 2 -- General Theory and Structure},
}


@book{gtm2021,
    title={Random Walk, Brownian Motion, and Martingales},
    author={Rabi Bhattacharya and Edward Waymire},
    year={2021},
    edition = {},
    publisher={Springer},
    note={},
}


@article{lanwu2012,
  author = {Lan Wua and Yongcheng Qi and Jingping Yang},
  journal={Statistics and Probability Letters},
  year = {2012},
  volume={},
  number={},
  title = {Asymptotics for dependent {Bernoulli} random variables},
  pages={455-463},
  note={[\href{https://www.d.umn.edu/~yqi/mydownload/12letters.pdf}{Link}]},
  publisher={}
}




@article{nkrn2018,
  author = {Manuel González-Navarrete and Rodrigo Lambert},
  journal={Preprint},
  year = {2018},
  title = {Non-Markovian random walks with memory lapses},
  pages={1--14},
  note={arXiv [\href{https://arxiv.org/abs/1607.08299}{Link}]},
  publisher={}
}

@article{pac203,
  author = {P. A. Van Der Geest},
  journal={Journal of Statistical Computation and Simulation},
  year = {2004},
  volume={},
  number={},
  title = {The binomial distribution with dependent {Bernoulli} trials},
  pages={141--154},
  note={[\href{https://vdocuments.net/the-binomial-distribution-with-dependent-bernoulli-trials.html}{Link}]},
  publisher={}
}


@book{peresbrown,
    title={Brownian Motion},
    author={Peter Mörters and Yuval Peres},
    year={2010},
    edition = {},
    publisher={Cambridge University Press},
    note={Cambridge Series in Statistical and Probabilistic Mathematics, Volume 30 [\href{https://people.bath.ac.uk/maspm/book.pdf}{Link}]},
}


@article{gauthier2019,
  author = {P. M. Gauthier},
  journal={Canadian Mathematical Bulletin},
  year = {2018},
  volume={62},
  number={3},
  title = {Approximating the {Riemann} Zeta-function by Polynomials with Restricted Zeros},
  pages={475--478},
  note={[\href{https://arxiv.org/pdf/1808.02295.pdf}{Link}]},
  publisher={Cambridge University Press}
}


@article{bui2018,
  author = {Bui, H. M. and Milinovich, M. B.},
  journal={Quarterly Journal of Mathematics},
  year = {2018},
  volume={69},
  number={2},
  title = {Gaps between zeros of the {Riemann} zeta-function},
  pages={402--423},
  note={[\href{https://www.research.manchester.ac.uk/portal/files/76260311/QJM_submitted.pdf}{Link}]},
  publisher={}
}


@article{nathan2007,
  author = {Nathan Ng},
  journal={Journal of Number Theory},
  year = {2007},
  volume={128},
  number={3},
  title = {Large gaps between the zeros of the {Riemann} zeta function},
  pages={509--556},
  note={[\href{https://www.sciencedirect.com/science/article/pii/S0022314X07001059}{Link}]},
  publisher={}
}

@article{vgprng,
  author = {Vincent Granville},
  journal={Preprint},
  year = {2022},
  title = {Detecting Subtle Departures from Randomness},
  pages={1--14},
  note={MLTechniques.com [\href{https://mltechniques.com/2022/07/23/detecting-subtle-departures-from-randomness/}{Link}]},
  publisher={}
}


@article{bzf2004,
  author = {T. W. Hilberdink and M. L. Lapidus},
  journal={Preprint},
  year = {2004},
  title = {{Beurling} {Zeta} Functions, Generalised Primes, and Fractal Membranes},
  pages={1--31},
  note={arXiv [\href{https://arxiv.org/abs/math/0410270}{Link}]},
  publisher={}
}

@book{wen2016,
    title={Beurling Generalized Numbers},
    author={Harold G. Diamond and Wen-Bin Zhang},
    year={2016},
    edition = {},
    publisher={American Mathematical Society},
    note={Mathematical Surveys and Monographs, Volume 213 [\href{http://www.ams.org/books/surv/213/surv213-endmatter.pdf}{Link}]},
}

----------------
@article{harper2020bb,
  author = {Adam J. Harper},
  journal={Algebra and Number Theory},
  year = {2019},
  volume={13},
  number={10},
  title = {Moments of random multiplicative functions, {II}: High moments},
  pages={2277--2321},
  note={[\href{https://arxiv.org/abs/1804.04114}{Link}]},
  publisher={Cambridge University Press}
}

@article{harper2020,
  author = {Adam J. Harper},
  journal={Forum of Mathematics, Pi},
  year = {2020},
  volume={8},
  number={},
  title = {Moments of Random Multiplicative Functions, {I}: Low Moments, Better than Squareroot Cancellation, and Critical Multiplicative Chaos},
  pages={1--95},
  note={[\href{https://www.cambridge.org/core/journals/forum-of-mathematics-pi/article/moments-of-random-multiplicative-functions-i-low-moments-better-than-squareroot-cancellation-and-critical-multiplicative-chaos/A7B32F8285B07AE15700F02E997B233F}{Link}]},
  publisher={Cambridge University Press}
}


@article{yukkam2013,
  author = {Yuk-Kam Lau and Gerald Tenenbaum and Jie Wu},
  journal={Proceedings of the American Mathematical Society},
  year = {2013},
  volume={142},
  number={2},
  title = {On Mean Values of Random Multiplicative Functions},
  pages={409--420},
  note={[\href{https://www.ams.org/journals/proc/2013-141-02/S0002-9939-2012-11332-2/S0002-9939-2012-11332-2.pdf}{Link}]},
  publisher={}
}



@article{borwein2010,
  author = {Peter Borwein and Stephen K. Choi and Michael Coons},
  journal={Transactions of the American Mathematical Society},
  year = {2010},
  volume={362},
  number={12},
  title = {Completely multiplicative functions taking values in $\{-1,1\}$},
  pages={6279--6291},
  note={[\href{https://www.ams.org/journals/tran/2010-362-12/S0002-9947-2010-05235-3/S0002-9947-2010-05235-3.pdf}{Link}]},
  publisher={}
}

@book{kconrad2018,
  author = {Keith Conrad},
  year = {2018},
  title = {L-functions and the Riemann Hypothesis},
  note={2018 CTNT Summer School [\href{https://ctnt-summer.math.uconn.edu/wp-content/uploads/sites/1632/2018/05/ctnt2018-DirichletLfnGRH-Day1.pdf
}{Link}]},
  address = {},
}

@inproceedings{fltcanada,
  title={Seminar on {Fermat}'s Last Theorem},
  author={V. Kumar Murty},
  booktitle={Canadian Mathematical Society -- Conference Proceedings},
  note={[\href{https://books.google.com/books?id=m1Pe7XK1e5MC}{Link}]},
  year={1995},
  volume={17},
  address={Toronto, Canada}
}


@article{AM186,
  author = {D. R. Heath-Brown},
  journal={Acta Mathematica},
  year = {2001},
  volume={186},
  title = {Primes represented by $x^3+2y^3$},
  pages={1--84},
  note={[\href{https://projecteuclid.org/journals/acta-mathematica/volume-186/issue-1/Primes-represented-by-x32y3/10.1007/BF02392715.full}{Link}]},
  publisher={}
}

@article{gone11,
  author = {Peter Humphries},
  journal={Preprint},
  year = {2011},
  title = {The Distribution of Weighted Sums of the {Liouville} Function and {Pólya}'s conjecture},
  pages={1--33},
  note={arXiv [\href{https://arxiv.org/pdf/1108.1524.pdf}{Link}]},
  publisher={}
}


@article{RHrandom,
  author = {Masahiro Mine},
  journal={Preprint},
  year = {2020},
  title = {Probability density functions attached to random {Euler} products for automorphic {L-functions}},
  pages={1--38},
  note={arXiv [\href{https://arxiv.org/abs/2011.07504}{Link}]},
  publisher={}
}

@article{RH1002,
  author = {Adam J. Harper},
  journal={Preprint},
  year = {2021},
  title = {Almost sure large fluctuations of random multiplicative functions},
  pages={1--38},
  note={arXiv [\href{https://arxiv.org/abs/2012.15809}{Link}]},
  publisher={}
}

@article{RH1001,
  author = {Peter Borwein and Michael Coons},
  journal={Proceedings of the American Mathematical Society},
  year = {2009},
  title = {Transcendence of Power Series for Some Number Theoretic Functions},
  volume={137},
  number={4},
  pages={1303--1305},
  note={[\href{https://www.ams.org/journals/proc/2009-137-04/S0002-9939-08-09737-2/S0002-9939-08-09737-2.pdf}{Link}]},
  publisher={}
}


@article{RH1000,
  author = {Nikos Frantzikinakis},
  journal={Preprint},
  year = {2016},
  title = {Ergodicity of the {Liouville} system implies the {Chowla} conjecture},
  pages={1--41},
  note={arXiv [\href{https://arxiv.org/abs/1611.09338}{Link}]},
  publisher={}
}

@article{vgvisuhdd,
  author = {Vincent Granville},
  journal={Preprint},
  year = {2022},
  title = {The Art of Visualizing High Dimensional Data},
  pages={1--17},
  note={MLTechniques.com [\href{https://mltechniques.com/2022/06/09/the-art-of-visualizing-high-dimensional-data/}{Link}]},
  publisher={}
}

@book{tdr1987,
    title={The Theory of the Riemann Zeta-Function},
    author={E.C. Titchmarsh and D.R. Heath-Brown},
    publisher={Oxford Science Publications},
    year={1987},
    edition = {Second}
}

@book{cras2006,
    title={Gaussian Processes for Machine Learning},
    author={Carl Rasmussen and Christopher Williams},
    publisher={MIT Press},
    note={[\href{https://gaussianprocess.org/gpml/chapters/}{Link}]},
    year={2006}
}

@article{vgrgentlelin,
  author = {Vincent Granville},
  journal={Preprint},
  year = {2022},
  title = {Gentle Introduction to Linear Algebra, with Spectacular Applications},
  pages={1--9},
  note={MLTechniques.com [\href{https://mltechniques.com/2022/05/31/gentle-introduction-to-linear-algebra-with-spectacular-applications/}{Link}]},
  publisher={}
}

@book{faisal2020,
    title={Mathematics for Machine Learning},
    author={Marc Deisenroth and A. Faisal and Cheng Soon Ong},
    publisher={Cambridge University Press},
    note={[\href{https://mml-book.github.io/}{Link}]},
    year={2020}
}

@book{hogg2019,
    title={Introduction to Mathematical Statistics},
    author={Robert V. Hogg and Joseph W. McKean and Allen T. Craig},
    publisher={Pearson},
    note={[\href{https://minerva.it.manchester.ac.uk/~saralees/statbook2.pdf}{Link}]},
    year={2016},
    edition = {Eighth}
}

@book{goodfellow2016,
    title={Deep Learning},
    author={Ian Goodfellow and Yoshua Bengio and Aaron Courville},
    publisher={MIT Press},
    note={[\href{http://www.deeplearningbook.org}{Link}]},
    year={2016}
}

@article{vgreg1231,
  author = {Vincent Granville},
  journal={Preprint},
  year = {2022},
  title = {Interpretable Machine Learning: Multipurpose, Model-free, Math-free  Fuzzy Regression},
  pages={1--11},
  note={MLTechniques.com [\href{https://mltechniques.com/2022/05/22/fuzzy-regression-a-generic-model-free-math-free-machine-learning-technique/}{Link}]},
  publisher={}
}

@book{bbog,
  author = {Barbara Bogacka},
  journal={},
  year = {2008},
  title = {Lecture Notes on Time Series},
  pages={},
  note={Queen Mary University of London [\href{https://webspace.maths.qmul.ac.uk/b.bogacka/TimeSeries/}{Link}]},
  publisher={}
}

@article{mamu,
  author = {Marc-Andreas Muendler},
  journal={},
  year = {2000},
  title = {Linear Difference Equations and Autoregressive Processes},
  pages={},
  note={University of Berkeley [\href{https://econweb.ucsd.edu/muendler/teach/gen/diffeqn.pdf}{Link}]},
  publisher={}
}

@book{arashfa,
  author = {Arash Farahmand},
  journal={},
  year = {2021},
  title = {Math 55 Lecture Notes},
  pages={},
  note={University of Berkeley [\href{https://math.berkeley.edu/~arash/notes/8_2.pdf}{Link}]},
  publisher={}
}


@inproceedings{ieeevander,
  title={Explicit algorithm to the inverse of {Vandermonde} Matrix},
  author={Shaohong Yan and Aimin Yang and others},
  booktitle={2009 International Conference on Test and Measurement},
  note={IEEE [\href{https://ieeexplore.ieee.org/document/5413083}{Link}]},
  year={2009},
  address={}
}

@article{vgsmith,
  author = {Vincent Granville and Richard L Smith},
  journal={NISS Technical Report},
  year = {1996},
  title = {Disaggregation of rainfall time series via {Gibbs} sampling},
  pages={1--21},
  note={[\href{https://www.researchgate.net/publication/2520728_Disaggregation_of_rainfall_time_series_via_Gibbs_sampling}{Link}]},
  publisher={}
}

@article{siam1,
  author = {Kamron Saniee},
  journal={SIAM Undergraduate Research Online},
  year = {2007},
  title = {A Simple Expression for Multivariate {Lagrange} Interpolation},
  pages={},
  note={SIURO [\href{http://evoq-eval.siam.org/Portals/0/Publications/SIURO/Vol1_Issue1/A_Simple_Expression_for_Multivariate.pdf?ver=2018-03-30-130233-050
}{Link}]},
  publisher={}
}

@article{wpnumpy,
  author = {},
  journal={Forum discussion},
  year = {2020},
  title = {Weighted percentiles using numpy},
  pages={},
  note={StackOverflow [\href{https://stackoverflow.com/questions/21844024/weighted-percentile-using-numpy}{Link}]},
  publisher={}
}

@article{vgreg12,
  author = {Vincent Granville},
  journal={Preprint},
  year = {2022},
  title = {Little Known Secrets about Interpretable Machine Learning on Synthetic Data},
  pages={1--14},
  note={MLTechniques.com [\href{https://mltechniques.com/2022/05/07/little-known-secrets-about-interpretable-machine-learning-on-synthetic-data/}{Link}]},
  publisher={}
}

@article{predictrr,
  author = {Jing Lei and others},
  journal={Journal of the American Statistical Association},
  volume={113},
  number={},
  year = {2018},
  title = {Distribution-Free Predictive Inference for Regression},
  pages={1094-1111},
  note={[\href{https://www.stat.cmu.edu/~ryantibs/papers/conformal.pdf}{Link}]},
  publisher={}
}

@article{parambr,
  author = {Chigozie Kelechi},
  journal={American Journal of Theoretical and Applied Statistics},
  volume={5},
  number={5},
  year = {2016},
  title = {Towards Efficiency in the Residual and Parametric Bootstrap Techniques},
  pages={},
  note={[\href{https://www.researchgate.net/publication/310744690_Towards_Efficiency_in_the_Residual_and_Parametric_Bootstrap_Techniques}{Link}]},
  publisher={}
}


@book{cmol,
  author = {Christoph Molnar},
  year = {2022},
  title = {Interpretable Machine Learning},
  publisher = {ChristophMolnar.com},
  note={[\href{https://christophmolnar.com/}{Link}]},
  address = {},
}

@article{vgshape,
  author = {Vincent Granville},
  journal={Preprint},
  year = {2022},
  title = {Computer Vision: Shape Classification via Explainable {AI}},
  pages={1--7},
  note={MLTechniques.com [\href{https://mltechniques.com/2022/04/20/computer-vision-shape-classification-via-explainable-ai/}{Link}]},
  publisher={}
}

@article{oxford2020,
  author = {Jan Ackmann and others},
  journal={Preprint},
  year = {2020},
  title = {Machine-Learned Preconditioners for Linear Solvers in Geophysical Fluid Flows},
  pages={1--19},
  note={arXiv:2010.02866 [\href{https://arxiv.org/abs/2010.02866}{Link}]},
  publisher={}
}

@article{numregxxx,
  author = {Oliver Bröker and Marcus J. Groteb},
  journal={Applied Numerical Mathematics},
  volume={41},
  number={1},
  year = {2002},
  title = {Sparse approximate inverse smoothers for geometric and algebraic multigrid},
  pages={61--80},
  publisher={}
}

@article{fpark2001,
  author = {Fred Park},
  journal={},
  year = {2011},
  title = {Shape Descriptor / Feature Extraction Techniques},
  howpublished ={\url{http://aiweb.techfak.uni-bielefeld.de/content/bworld-robot-control-software/}},
  pages={},
  note={UCI iCAMP 2011 [\href{https://www.math.uci.edu/icamp/summer/research_11/park/shape_descriptors_survey_part3.pdf}{Link}]},
  publisher={},
}

@article{yuviz2012,
  author = {Yu Vizilter and Sergey Zheltov},
  journal={},
  year = {2012},
  title = {Geometrical Correlation and Matching of {2D} Image Shapes},
  pages={},
  note={ResearchGate [\href{https://www.researchgate.net/publication/276020037_geometrical_correlation_and_matching_of_2d_image_shapes}{Link}]},
  publisher={}
}

@article{stama2007,
  author = {Stamatia Giannarou and Tania Stathaki},
  journal={},
  year = {2007},
  title = {Shape Signature Matching for Object Identification Invariant to Image Transformations and Occlusion},
  pages={},
  note={ResearchGate [\href{https://www.researchgate.net/publication/220914432_Shape_Signature_Matching_for_Object_Identification_Invariant_to_Image_Transformations_and_Occlusion}{Link}]},
  publisher={}
}

@article{grauman2008,
  author = {Kristen Grauman},
  journal={},
  year = {2008},
  title = {Shape Matching},
  pages={},
  note={University of Texas, Austin [\href{https://www.cs.utexas.edu/~grauman/courses/spring2008/slides/ShapeMatching.pdf}{Link}]},
  publisher={University of Texas, Austin}
}

@book{vgsimulnew,
  author = {Vincent Granville},
  year = {2022},
  title = {Stochastic Processes and Simulations: A Machine Learning Perspective},
  publisher = {MLTechniques.com},
  note={[\href{https://mltechniques.com/product/album/}{Link}]},
  address = {},
}



@incollection{baddeley,
  author      = "Adrian Baddeley",
  title       = "Spatial Point Processes and their Applications",
  editor      = "Weil W.",
  booktitle   = "Stochastic Geometry. Lecture Notes in Mathematics",
  publisher   = "Springer",
  address     = "Berlin",
  year        = 2007,
  pages       = "1-75",
  chapter     = "",
  note={[\href{https://www.apps.stat.vt.edu/leman/VTCourses/BaddeleyPointProcesses.pdf}{Link}]},
  url         ="https://www.apps.stat.vt.edu/leman/VTCourses/BaddeleyPointProcesses.pdf"
}


@article{diez2010,
  author = {Jorge Mateu and Frederic P Schoenberg and David M Diez},
  journal={Preprint},
  year = {2010},
  title = {On distances between point patterns and their applications},
  pages={1--29},
  note={[\href{https://www.researchgate.net/publication/228566956_On_distances_between_point_patterns_and_their_applications}{Link}]},
  publisher={}
}

@article{ghosh2020,
  author = {S. Ghosh N. and Miyoshi and T. Shirai},
  journal={Preprint},
  year = {2020},
  title = {Disordered complex networks: energy optimal lattices and persistent homology},
  pages={1--44},
  note={arXiv:2009.08811},
  publisher={}
}

@book{anselin,
  author = {Luc Anselin},
  year = {2016},
  title = {Point Pattern Analysis: Nearest Neighbor Statistics},
  publisher = {The Center for Spatial Data Science, University of Chicago},
  note={Slide presentation [\href{https://spatial.uchicago.edu/sites/spatial.uchicago.edu/files/9_points_2_r.pdf}{Link}]},
  address = {},
}

@article{badxxx,
  author = {Adrian Baddeley and Richard D. Gill},
  journal={Annals of Statististics},
  volume={25},
  number={1},
  year = {1997},
  title = {Kaplan-Meier estimators of distance distributions for spatial point processes},
  pages={263--292},
  publisher={}
}

@book{ppindep,
  author = {Hartmann, K. and Krois, J. and Waske, B.},
  year = {2018},
  title = {Statistics and Geospatial Data Analysis},
  publisher = {Freie Universität Berlin},
  note={E-Learning Project SOGA [\href{https://www.geo.fu-berlin.de/en/v/soga/Geodata-analysis/Spatial-Point-patterns/Analysis-of-spatial-point-patterns/Interactions/index.html}{Link}]},
  address = {},
}

@article{sphere,
  author = {Anna Talgat and Mustafa A. Kishk and Mohamed-Slim Alouini},
  journal={IEEE Communications Letters},
  volume={24},
  number={12},
  year = {2020},
  title = {Nearest Neighbor and Contact Distance Distribution for Binomial Point Process on Spherical Surfaces},
  pages={2659--2663},
  publisher={}
}

@article{crmodelfree,
  author = {Zhiqiu Hu and Rong-Cai Yang},
  journal={PLOS One},
  volume={8},
  number={12},
  year = {2013},
  title = {A New Distribution-Free Approach to Constructing the Confidence Region for Multiple Parameters},
  pages={},
  publisher={}
}

@article{glattip,
  author = {Michael A. Klatt and Jaeuk Kim and Salvatore Torquato},
  journal={Physical Review Series E},
  volume={101},
  number={3},
  year = {2020},
  title = {Cloaking the Underlying Long-Range Order of Randomly Perturbed Lattices},
  pages={1--10},
  publisher={}
}

@article{hghf,
  author = {Tilman M. Davies and Martin L. Hazelton},
  journal={Statistica Neerlandica},
  volume={67},
  number={4},
  year = {2013},
  title = {Assessing minimum contrast parameter estimation for spatial and spatiotemporal log-{Gaussian} {Cox} processes},
  pages={355--389},
  publisher={}
}


@article{be1979,
  author = {Bradley Efron},
  journal={Annals of Statistics},
  volume={7},
  number={1},
  year = {1979},
  title = {Bootstrap Methods: Another Look at the Jackknife},
  pages={1--26},
  publisher={}
}

@article{js2014,
  author = {Tonglin Zhang},
  journal={Electronic Journal of Statistics},
  volume={8},
  number={2},
  year = {2014},
  title = {A {Kolmogorov-Smirnov} type test for independence between marks and points of marked point processes},
  pages={2557--2584},
  publisher={}
}

@article{econo6,
  author = {Denis Kojevnikov and Vadim Marmer and Kyungchul Song},
  journal={Journal of Econometrics},
  volume={222},
  number={2},
  year = {2021},
  title = {Limit Theorems for Network Dependent Random Variables},
  pages={419--427},
  note={[\href{https://arxiv.org/abs/1903.01059}{Link}]},
  publisher={882--908}
}

@article{mec45,
  author = {Minas Gjoka and Emily Smith and Carter Butts},
  journal={Preprint},
  year = {2013},
  title = {Estimating Clique Composition and Size Distributions from Sampled Network Data},
  pages={1--9},
  note={arXiv:1308.3297 [\href{https://arxiv.org/abs/1308.3297}{Link}]},
  publisher={}
}

@article{nmbv,
  author = {Natarajan Meghanathan},
  journal={Preprint},
  year = {2015},
  title = {Distribution of maximal clique size of the vertices for theoretical small-world networks and real-world networks},
  pages={1--20},
  note={arXiv:1508.01668 [\href{https://arxiv.org/abs/1508.01668}{Link}]},
  publisher={}
}

@article{erdos311,
  author = {B. Bollobas and P. Erdös},
  journal={Mathematical Proceedings of the Cambridge Philosophical Society},
  volume={80},
  number={3},
  year = {1976},
  title = {Cliques in random graphs},
  pages={419--427},
  note={[\href{https://users.renyi.hu/~p_erdos/1976-05.pdf}{Link}]},
  publisher={}
}

@inproceedings{erdos310,
  title={On the evolution of random graphs},
  author={Paul Erdős and Alfréd Rényi},
  booktitle={Publication of the Mathematical Institute of the Hungarian Academy of Sciences},
  volume={5},
  pages={17--61},
  year={1960},
  note={[\href{http://snap.stanford.edu/class/cs224w-readings/erdos60random.pdf}{Link}]},
  address={}
}

@article{line12,
  author = {Peter Shirley and Chris Wyman},
  journal={Journal of Computer Graphics Techniques},
  volume={6},
  number={2},
  year = {2017},
  title = {Generating stratified random lines in a square},
  pages={48--54},
  publisher={}
}


@inproceedings{sphere343,
  title={Algorithms for Clustering on the Sphere: Advances \& Applications},
  author={M. Golzy and M. Markatou and Arti Shivram},
  booktitle={Proceedings of the World Congress on Engineering and Computer Science},
  volume={1},
  pages={1--6},
  year={2016},
  address={San Francisco, USA}
}

@article{physicj,
  author = {D Noviyanti and H P Lestari},
  journal={Journal of Physics: Conference Series},
  year = {2020},
  title = {The study of circumsphere and insphere of a regular polyhedron},
  pages={1--10},
  volume={1581},
  note={},
  publisher={}
}

@article{rie34,
  author = {Guilherme França and André LeClair},
  journal={Preprint},
  year = {2014},
  title = {Statistical and other properties of {Riemann} zeros based on an explicit equation for the $n$-th zero on the critical line},
  pages={1--26},
  note={arXiv:1307.8395},
  publisher={}
}


@article{rie35,
  author = {André LeClair},
  journal={Symmetry},
  year = {2021},
  title = {Riemann Hypothesis and Random Walks: The Zeta Case},
  pages={1--13},
  volume={13},
  note={},
  publisher={}
}

@article{may99,
  author = {Peter J. Forrester and Anthony Mays},
  journal={Proceedings of the Royal Society A},
  year = {2015},
  title = {Finite size corrections in random matrix theory and {Odlyzko}'s data set for the {Riemann} zeros},
  pages={1--21},
  volume={471},
  note={arXiv:1506.06531},
  publisher={}
}


@phdthesis{luuk,
    title    = {Image Filtering with Neural Networks: Applications and Performance Evaluation},
    school   = {University of Twente},
    author   = {Luuk Spreeuwers},
    year     = {1992}, 
}

@article{vgieee,
  author = {Vincent Granville and Mirko Krivanek and Jean-Paul Rasson},
  journal={IEEE Transactions on Pattern Analysis and Machine Intelligence},
  year = {1996},
  title = {Simulated Annealing: A Proof of Convergence},
  pages={652--656},
  volume={16},
  publisher={}
}

@book{gk1954,
  author = {B.V. Gnedenko and A. N. Kolmogorov},
  year = {1954},
  title = {Limit Distributions for Sums of Independent Random Variables},
  publisher = {Addison-Wesley},
  address = {},
}

-----------------
@book{momo67,
  author = {Jesper Møller and Rasmus P. Waagepetersen},
  year = {2007},
  title = {Statistical Inference and Simulation for Spatial Point Processes},
  publisher = {CRC Press},
  edition = {}
}

@book{momo66,
  author = {Jesper Møller and Rasmus P. Waagepetersen},
  year = {2003},
  title = {An Introduction to Simulation-Based Inference for Spatial Point Processes},
  publisher = {Springer},
  edition = {}
}

@article{nisox,
  author = {Timothy D. Johnson},
  journal={Preprint},
  year = {},
  title = {Introduction to Spatial Point Processes},
  pages={2008},
  note={NeuroImaging Statistics Oxford (NISOx) group [\href{http://www.nisox.org/files/PDF/JohnsonSpatialPointProc.pdf}{Link}][\href{https://drive.google.com/file/d/1l5VI7gvS2TKUC11VrkOpph4ITZ8GIO81/view?usp=sharing}{Mirror}]},
  publisher={}
}

@book{dddj1,
  author = {D.J.Daley and D. Vere-Jones},
  year = {2013},
  title = {An Introduction to the Theory of Point Processes -- Volume I: Elementary Theory and Methods},
  publisher = {Springer},
  edition = {second}
}

@book{dddj2,
  author = {D.J.Daley and D. Vere-Jones},
  year = {2014},
  title = {An Introduction to the Theory of Point Processes -- Volume II: General Theory and Structure},
  publisher = {Springer},
  edition = {second}
}
------------------

@inproceedings{momo55,
  title={Introduction to Spatial Point Processes and Simulation-Based Inference},
  author={Jesper Møller},
  booktitle={International Center for Pure and Applied Mathematics (Lecture Notes)},
  pages={},
  year={2018},
  address={Lomé, Togo},
  note={[\href{https://cimpatogo2018.sciencesconf.org/data/pages/Handout_Moller_CIMPA_Togo_2018.pdf}{Link}][\href{https://drive.google.com/file/d/1y5TZXvAL8fP9G5UkmV3npKgoVB0YWtXk/view?usp=sharing}{Mirror}]},
}

@inproceedings{vgar,
  title={Fast $k$ nearest neighbor search using {GPU}},
  author={Vincent Garcia and Eric Debreuve and Michel Barlaud},
  booktitle={IEEE Computer Society Conference on Computer Vision and Pattern Recognition Workshops},
  pages={},
  year={2008},
  address={Anchorage, AK}
}

@book{probme,
  author = {Noga Alon and Joel H. Spencer},
  year = {2016},
  title = {The Probabilistic Method},
  publisher = {Wiley},
  edition = {fourth},
  note={[\href{http://math.bme.hu/~gabor/oktatas/SztoM/AlonSpencer.ProbMethod3ed.pdf}{Link}]},
}


@book{rvdh,
  author = {Remco van der Hofstad},
  year = {2016},
  title = {Random Graphs and Complex Networks},
  publisher = {Cambridge University Press},
  note={[\href{https://www.win.tue.nl/~rhofstad/NotesRGCN.html}{Link}]},
}

@book{order2,
  author = {N. Balakrishnan and C.R. Rao (Editors)},
  year = {1998},
  title = {Order Statistics: Theory and Methods},
  publisher = {North-Holland}
}

@book{censored,
  author = {Ding-Geng Chen (Editor) and Jianguo Sun (Editor) and Karl E. Peace (Editor)},
  year = {2012},
  title = {Interval-Censored Time-to-Event Data: Methods and Applications},
  publisher = {Chapman and Hall/CRC},
  address = {},
} 

@book{davidc,
  author = {David Coupier (Editor)},
  year = {2019},
  title = {Stochastic Geometry: Modern Research Frontiers},
  publisher = {Wiley},
  address = {},
} 

@book{ivic,
  author = {Aleksandar Ivić},
  year = {2003},
  title = {The Riemann's Zeta Function: Theory and Applications},
  publisher = {Dover},
  edition={reprint},
  address = {},
} 

@book{goodman,
  author = {R. Goodman},
  year = {2006},
  title = {Introduction to Stochastic Models},
  publisher = {Dover},
  edition = {second}
}

@book{ant,
  author = {Melvyn B. Nathanson},
  year = {2010},
  title = {Additive Number Theory: The Classical Bases},
  publisher = {Springer},
  edition = {reprint}
}


@article{bbvc,
  author = {Bartłomiej Błaszczyszyn and Dhandapani Yogeshwaran},
  journal={Preprint},
  year = {2013},
  title = {On Comparison of Clustering Properties of Point Processes},
  pages={1--26},
  note={arXiv:1111.6017 [\href{https://arxiv.org/pdf/1111.6017.pdf}{Link}]},
  publisher={}
}

-------------------------------------

@article{euclid,
  author = {Bartłomiej Błaszczyszyn and Dhandapani Yogeshwaran},
  journal={Preprint},
  year = {2013},
  title = {Clustering and percolation of point processes},
  pages={1--20},
  note={Project Euclid [\href{https://projecteuclid.org/journals/electronic-journal-of-probability/volume-18/issue-none/Clustering-and-percolation-of-point-processes/10.1214/EJP.v18-2468.full}{Link}]},
  publisher={}
}

@article{poi101,
  author = {M.A. Klatt, G. Last and D. Yogeshwaran},
  journal={Random Structures and Algorithms},
  year = {2020},
  title = {Hyperuniform and rigid stable matchings},
  pages={439-473},
  volume={2},
  note={[\href{https://arxiv.org/pdf/1810.00265.pdf}{Link}][\href{https://www.wias-berlin.de/workshops/SGC20/SGC20_Last.pdf}{PowerPoint}]},
}

@article{poi103,
  author = {Yuval Peres and Allan Sly},
  journal={Preprint},
  year = {2020},
  title = {Rigidity and tolerance for perturbed lattices},
  pages={1--20},
  note={arXiv:1409.4490 [\href{https://arxiv.org/abs/1409.4490}{Link}]},
  volume={}
}

@article{thinned,
  author = {Jesper Møller and Frederic Paik Schoenberg},
  journal={Random Structures and Algorithms},
  volume={42},
  year = {2010},
  title = {Thinning Spatial Point Processes into {Poisson} Processes},
  pages={347--358},
}


@book{poi102,
  author = {Faraj Lagum},
  year = {2018},
  title = {Stochastic Geometry-Based Tools for Spatial Modeling and Planning of Future Cellular Networks},
  publisher = {PhD thesis, Carleton University},
  note={[\href{https://curve.carleton.ca/87495a55-a94a-4da3-a824-c075c80f6814}{Link}]},
}

@article{kst,
  author = {W. Feller},
  journal={Annals of Mathematical Statistics},
  volume={19},
  number={2},
  year = {1948},
  title = {On the {Kolmogorov-Smirnov} Limit Theorems for Empirical Distributions},
  pages={177--189},
  note={[\href{https://projecteuclid.org/journals/annals-of-mathematical-statistics/volume-19/issue-2/On-the-Kolmogorov-Smirnov-Limit-Theorems-for-Empirical-Distributions/10.1214/aoms/1177730243.full}{Link}]},
  publisher={}
}


@article{black,
  author = {Bartłomiej Błaszczyszyn and Dhandapani Yogeshwaran},
  journal={Preprint},
  year = {2014},
  title = {Clustering comparison of point processes with applications to random geometric models},
  pages={1--44},
  note={arXiv:1212.5285 [\href{https://arxiv.org/abs/1212.5285}{Link}]},
  publisher={}
}

@article{vg5,
  title={Optimal Clustering and Cluster Identity in Understanding High-Dimensional Data Spaces with Tightly Distributed Points},
  author={Oliver Chikumbo and Vincent Granville},
  journal={Machine Learning and Knowledge Extraction},
  volume={1},
  number={2},
  pages={715--744},
  year={2019},
  publisher={},
  url={https://www.mdpi.com/2504-4990/1/2/42}
}

@book{cressie,
  author = {Noel Cressie},
  year = {2015},
  title = {Statistic for Spatial Data},
  publisher = {Wiley},
  edition={revised}
}

@book{order3,
  author = {H.A. David and H.N. Nagaraja},
  year = {2003},
  title = {Order Statistics},
  publisher = {Wiley},
  edition={third}
}

@article{vgstat,
  title={Estimation of the intensity of a {Poisson} point process by means of nearest neighbor distances},
  author={Vincent Granville},
  journal={Statistica Neerlandica},
  volume={52},
  number={2},
  pages={112--124},
  year={1998},
  note={[\href{https://www.researchgate.net/publication/230268902_Estimation_of_the_intensity_of_a_Poisson_point_process_by_means_of_nearest_neighbor_distances}{Link}]},
  publisher={Blackwell Publishers Ltd}
}

@book{num,
  author = {Nicholas J. Higham},
  year = {2002},
  title = {Accuracy and Stability of Numerical Algorithms},
  publisher = {Society for Industrial and Applied Mathematics},
  address = {},
} 

@book{phall,
  author = {Peter Hall},
  year = {1988},
  title = {Introduction to the theory of coverage processes},
  publisher = {Wiley},
  address = {},
} 

@book{dyn1,
  author = {Jane Hawkins},
  year = {2021},
  title = {Ergodic Dynamics: From Basic Theory to Applications},
  publisher = {Springer},
  address = {},
}

@book{stoyan,
  author = {Dietrich Stoyan and Wilfrid S. Kendall and Sung Nok Chiu and Joseph Mecke},
  year = {2013},
  title = {Stochastic Geometry and Its Applications},
  publisher = {Wiley},
  address = {},
}

@book{dyn2,
  author = {Yves Coudène},
  year = {2016},
  title = {Ergodic Theory and Dynamical Systems},
  publisher = {Springer},
  address = {},
}

-------------------------------------
@book{dyn3,
  author = {Robert Devaney},
  year = {2021},
  title = {An Introduction to Chaotic Dynamical Systems},
  edition = {third},
  publisher = {Chapman and Hall/CRC},
  address = {},
}

@book{vgdyn,
  author = {Vincent Granville},
  year = {2018},
  title = {Applied Stochastic Processes, Chaos Modeling, and Probabilistic Properties of Numeration Systems},
  edition = {},
  publisher = {MLTechniques.com},
  note={[\href{https://mltechniques.com/resources/}{Link}]},
  address = {},
}

@book{vgstats,
  author = {Vincent Granville},
  year = {2019},
  title = {Statistics: New Foundations, Toolbox, and Machine Learning Recipes},
  edition = {},
  publisher = {Data Science Central},
  address = {},
}

@book{hbsimul,
  author = {K. Krishnamoorthy},
  year = {2015},
  title = {Handbook of Statistical Distributions with Applications},
  publisher = {Routledge},
  edition = {second},
}

@book{introp,
  author = {Miklos Bona},
  year = {2012},
  title = {Combinatorics of Permutations},
  publisher = {Routledge},
  edition = {second},
}


@book{nt1,
  author = {David Bailey and Jonathan Borwein and Neil Calkin},
  year = {2007},
  title = {Experimental Mathematics in Action},
  publisher = {A K Peters},
  edition = {},
}

@book{nt2,
  author = {Jonathan Borwein and David Bailey},
  year = {2008},
  title = {Mathematics by Experiment},
  publisher = {A K Peters},
  edition = {},
}

@book{nt3,
  author = {Gerald Tenenbaum},
  year = {2015},
  title = {Introduction to Analytic and Probabilistic Number Theory},
  publisher = {American Mathematical Society},
  edition = {third},
}


@book{laplace,
  author = {Samuel Kotz and Tomasz Kozubowski and Krzystof Podgorski},
  year = {2001},
  title = {The Laplace Distribution and Generalizations: A Revisit with Applications to Communications, Economics, Engineering, and Finance},
  publisher = {Springer},
  edition = {},
}

@inproceedings{sss,
  title={Testing for spatial stationarity in point patterns},
  author={J. Mateu and C. Comas and M.A. Calduch},
  booktitle={International Workshop on Spatio-Temporal Modeling},
  pages={},
  year={2010},
  address={}
}

@inproceedings{coverx,
  title={Stochastic Covering and Adaptivity},
  author={Michel Goemans and Jan Vondrák},
  booktitle={Proceedings of the 7th Latin American Theoretical Informatics Symposium},
  pages={532--543},
  year={2006},
  address={Valdivia, Chile}
}


@article{thomas,
  title={Simulating a {Matérn} cluster point process},
  author={Paul Keeler},
  journal={www.hpaulkeeler.com},
  volume={},
  number={},
  pages={},
  year={2018},
  note={Personal blog},
  publisher={}
}

@article{pentropy,
  title={Permutation entropy: A nonlinear statistical measure for status characterization of rotary machines},
  author={Ruqiang Yan and Yongbin Liub and Robert Gao},
  journal={Mechanical Systems and Signal Processing},
  volume={29},
  number={},
  pages={474--484},
  year={2012},
  note={},
  publisher={}
}

@article{bessel,
  title={A modified {Bessel} distribution of the second kind},
  author={Saralees Nadarajah},
  journal={Statistica},
  volume={67},
  number={4},
  pages={405--413},
  year={2007},
  note={ [\href{https://www.researchgate.net/publication/46553454_A_Modified_Bessel_Distribution_of_the_Second_Kind}{Link}]},
  publisher={}
}

--------------------------------------------
@article{lecam,
  title={Le {Cam}'s Inequality and {Poisson} Approximations},
  author={J. Michael Steele},
  journal={The American Mathematical Monthly},
  volume={101},
  number={1},
  pages={48--54},
  year={1994},
  note={ [\href{http://www-stat.wharton.upenn.edu/~steele/Papers/PDF/LIaPA.pdf}{link}]},
  publisher={}
}

@article{circle34,
  title={The Number of Circles Covering a Set},
  author={Richard Kershner},
  journal={American Journal of Mathematics},
  volume={61},
  number ={2},
  year={1939},
  pages={665--671}
}
-------------------------------------

@article{opf,
  title={Optimized Flooding Protocol for Ad hoc Networks},
  author={Vamsi Paruchuri and Arjan Durresi and Raj Jain},
  journal={Preprint},
  year={2003},
  pages={1--10},
  note={arXiv:cs/0311013v1}
}

@article{pentrop2,
  title={A generalized permutation entropy for random processes},
  author={José M. Amigó and Roberto Dale and Piergiulio Tempesta},
  journal={Preprint},
  volume={},
  number={},
  pages={1--9},
  year={2012},
  note={arXiv:2003.13728 [\href{https://arxiv.org/abs/2003.13728}{Link}]},
  publisher={}
}


@article{nm3,
  title={Simulating a {Thomas} cluster point process},
  author={Paul Keeler},
  journal={www.hpaulkeeler.com},
  volume={},
  number={},
  pages={},
  year={2019},
  note={Personal blog},
  publisher={}
}

@book{campoi,
  author = {Günther Last and Mathew Penrose},
  year = {2017},
  title = {Lectures on the Poisson Process},
  publisher = {Cambridge University Press},
  address = {},
  edition = {}
}

@article{scott,
  title={Cluster analysis of spatial point patterns: posterior distribution of parents inferred from offspring},
  author={Yosihiko Ogata},
  journal={Japanese Journal of Statistics and Data Science},
  volume={3},
  number={},
  pages={367--390},
  year={2020},
  publisher={}
}

@book{m6565,
  author = {Robert Williams},
  year = {1979},
  title = {The Geometrical Foundation of Natural Structure: A Source Book of Design},
  publisher = {Dover}
}


@book{ripley,
  author = {Brian Ripley},
  year = {1987},
  title = {Stochastic Simulation},
  publisher = {Wiley}
}


@incollection{karl,
   author      = "Karl Sigman",
   title       = "Notes on the {Poisson} Process",
   booktitle   = "",
   year        = 2009,
   organization= "Columbia University",
   address     = "New York~NY",
   note        = {{IEOR} 6711: Columbia University course [\href{http://www.columbia.edu/~ks20/stochastic-I/stochastic-I-PP.pdfbbvc}{Link}]},
   url         = "http://www.columbia.edu/~ks20/stochastic-I/stochastic-I-PP.pdf",
}

@article{oren,
  title={Recovering the lattice from its random perturbations},
  author={Oren Yakir},
  journal={Preprint},
  volume={},
  number={},
  pages={1--18},
  year={2020},
  note={arXiv:2002.01508 [\href{https://arxiv.org/abs/2002.01508v2}{Link}]},
  publisher={}
}

@article{yogd,
  author = {D. Yogeshwaran},
  journal={Preprint},
  year = {2018},
  title = {Geometry and Topology of the Boolean Model on a Stationary Point Processes : A Brief Survey},
  pages={1--13},
  note={Researchgate [\href{https://www.researchgate.net/publication/325215252_Geometry_and_Topology_of_the_Boolean_Model_on_a_Stationary_Point_Processes_A_Brief_Survey}{Link}]},
  publisher={}
}







@book{latex:companion,
  author = {Frank Mittelbach and Michel Gossens
            and Johannes Braams and David Carlisle
            and Chris Rowley},
  year = {2004},
  title = {The \LaTeX{} Companion},
  publisher = {Addison-Wesley Professional},
  edition = {2}
}


@inproceedings{lesk:1977,
  title={Computer Typesetting of Technical Journals on {UNIX}},
  author={Michael Lesk and Brian Kernighan},
  booktitle={Proceedings of American Federation of
             Information Processing Societies: 1977
             National Computer Conference},
  pages={879--888},
  year={1977},
  address={Dallas, Texas}
}

@article{knuth:1984,
  title={Literate Programming},
  author={Donald E. Knuth},
  journal={The Computer Journal},
  volume={27},
  number={2},
  pages={97--111},
  year={1984},
  publisher={Oxford University Press}
}

@book{latex2e,
  author = {Leslie Lamport},
  year = {1994},
  title = {\LaTeX: a Document Preparation System},
  publisher = {Addison Wesley},
  address = {Massachusetts},
  edition = {2}
}